 @article{Nash,
author = {Nash, John F.}, 
title = {Equilibrium points in n-person games},
volume = {36}, 
number = {1}, 
pages = {48-49}, 
year = {1950}, 
doi = {10.1073/pnas.36.1.48}, 
URL = {http://www.pnas.org/content/36/1/48.short}, 
eprint = {http://www.pnas.org/content/36/1/48.full.pdf+html}, 
journal = {Proceedings of the National Academy of Sciences} 
}
